%bib.tex
@misc{CosmosTypeII, 
	title={Type II supernova light curves: Cosmos}, 
	url={https://astronomy.swin.edu.au/cosmos/T/Type+II+supernova+light+curves}, 
	journal={Type II Supernova Light Curves | COSMOS}
	}
@misc{nowakowski2018, 
	title={Astronomers investigate type IIP supernova with a long plateau}, 
	url={https://phys.org/news/2018-06-astronomers-iip-supernova-plateau.html}, 
	journal={Phys.org}, 
	publisher={Phys.org}, 
	author={Nowakowski, Tomasz}, 
	year={2018}, 
	month={Jun}
	} 
@misc{CosmosTypeIa, 
	title={Type ia supernova light curves: Cosmos}, 
	url={https://astronomy.swin.edu.au/cosmos/T/Type+Ia+supernova+light+curves}, 
	journal={Type Ia Supernova Light Curves | COSMOS}
	} 
@misc{Rutgerslightcurves, 
	title={Analyzing the universe - course wiki: Things that go boom in the night}, 
	url={https://www.physics.rutgers.edu/analyze/wiki/Ia_supernovae.html}, 
	journal={Type Ia Supernovae}
	}
@misc{villar2016, 
	title={Classifying supernovae}, 
	url={https://astrobites.org/2016/12/02/classifying-supernovae/}, 
	journal={astrobites}, 
	author={Villar, Ashley}, 
	year={2016}, 
	month={Dec}
	} 
